@ARTICLE{2018RemS...10...65J,
       author = {{Jackson}, Brian and {Lorenz}, Ralph and {Davis}, Karan and
         {Lipple}, Brock},
        title = "{Using an Instrumented Drone to Probe Dust Devils on Oregon's Alvord Desert.}",
      journal = {Remote Sensing},
         year = "2018",
        month = "Jan",
       volume = {10},
          eid = {65},
        pages = {65},
          doi = {10.3390/rs10010065},
       adsurl = {https://ui.adsabs.harvard.edu/abs/2018RemS...10...65J},
      adsnote = {Provided by the SAO/NASA Astrophysics Data System}
}

@ARTICLE{2019Icar..317..209K,
       author = {{Kurgansky}, M.~V.},
        title = "{On the statistical distribution of pressure drops in convective vortices: Applications to Martian dust devils}",
      journal = {Icarus},
         year = "2019",
        month = "Jan",
       volume = {317},
        pages = {209-214},
          doi = {10.1016/j.icarus.2018.08.004},
       adsurl = {https://ui.adsabs.harvard.edu/abs/2019Icar..317..209K},
      adsnote = {Provided by the SAO/NASA Astrophysics Data System}
}

@ARTICLE{2009Icar..203..683L,
       author = {{Lorenz}, Ralph D.},
        title = "{Power law of dust devil diameters on Mars and Earth}",
      journal = {Icarus},
         year = "2009",
        month = "Oct",
       volume = {203},
       number = {2},
        pages = {683-684},
          doi = {10.1016/j.icarus.2009.06.029},
       adsurl = {https://ui.adsabs.harvard.edu/abs/2009Icar..203..683L},
      adsnote = {Provided by the SAO/NASA Astrophysics Data System}
}


@ARTICLE{2017AMT....10..273L,
   author = {{Luan}, Z. and {Han}, Y. and {Zhao}, T. and {Liu}, F. and {Liu}, C. and 
	{Rood}, M.~J. and {Yang}, X. and {He}, Q. and {Lu}, H.},
    title = "{Dust opacities inside the dust devil column in the Taklimakan Desert}",
  journal = {Atmospheric Measurement Techniques},
     year = 2017,
    month = jan,
   volume = 10,
    pages = {273-279},
      doi = {10.5194/amt-10-273-2017},
   adsurl = {http://adsabs.harvard.edu/abs/2017AMT....10..273L},
  adsnote = {Provided by the SAO/NASA Astrophysics Data System}
}


@ARTICLE{2012GID.....2..477L,
   author = {{Lorenz}, R.~D.},
    title = "{Observing desert dust devils with a pressure logger}",
  journal = {Geoscientific Instrumentation, Methods and Data Systems Discussions},
     year = 2012,
    month = jul,
   volume = 2,
    pages = {477-505},
      doi = {10.5194/gid-2-477-2012},
   adsurl = {http://adsabs.harvard.edu/abs/2012GID.....2..477L},
  adsnote = {Provided by the SAO/NASA Astrophysics Data System}
}
@INPROCEEDINGS{Ellett2017,
   author = {{Ellett}, N. and {Pierce}, J.~L. and {Goode}, J. and {Glenn}, N.~F.},
    title = "{Quantifying Post-Fire Hillslope and Debris Flow Erosion in a Steep Catchment Using High-Resolution Structure from Motion}",
booktitle = {GSA Annual Meeting},
     year = 2017
}

@ARTICLE{2015EPSC...10..273L,
   author = {{Lorenz}, R.~D. and {Kedar}, S. and {Murdoch}, N. and {Lognonne}, P. and 
	{Kawamura}, T. and {Mimoun}, D. and {Banerdt}, W.~B.},
    title = "{Seismometer Signature of Dust Devils : Implication for InSight}",
  journal = {European Planetary Science Congress},
     year = 2015,
    month = oct,
   volume = 10,
      eid = {EPSC2015-273},
    pages = {EPSC2015-273},
   adsurl = {http://adsabs.harvard.edu/abs/2015EPSC...10..273L},
  adsnote = {Provided by the SAO/NASA Astrophysics Data System}
}

@ARTICLE{2016Icar..271..326L,
   author = {{Lorenz}, R.~D.},
    title = "{Heuristic estimation of dust devil vortex parameters and trajectories from single-station meteorological observations: Application to InSight at Mars}",
  journal = {Icarus},
 keywords = {Mars, atmosphere, Experimental techniques, Atmospheres, dynamics},
     year = 2016,
    month = jun,
   volume = 271,
    pages = {326-337},
      doi = {10.1016/j.icarus.2016.02.001},
   adsurl = {http://adsabs.harvard.edu/abs/2016Icar..271..326L},
  adsnote = {Provided by the SAO/NASA Astrophysics Data System}
}


@ARTICLE{2018Icar..299..308O,
   author = {{Ordonez-Etxeberria}, I. and {Hueso}, R. and {S{\'a}nchez-Lavega}, A.
	},
    title = "{A systematic search of sudden pressure drops on Gale crater during two Martian years derived from MSL/REMS data}",
  journal = {Icarus},
 keywords = {Mars, Atmosphere, Mars, Climate, Atmospheres, Dynamics},
     year = 2018,
    month = jan,
   volume = 299,
    pages = {308-330},
      doi = {10.1016/j.icarus.2017.07.032},
   adsurl = {http://adsabs.harvard.edu/abs/2018Icar..299..308O},
  adsnote = {Provided by the SAO/NASA Astrophysics Data System}
}
@ARTICLE{rs10010065,
AUTHOR = {{Jackson}, Brian and {Lorenz}, Ralph and {Davis}, Karan and {Lipple}, Brock},
TITLE = {Using an Instrumented Drone to Probe Dust Devils on Oregonâ€™s Alvord Desert},
JOURNAL = {Remote Sensing},
VOLUME = {10},
YEAR = {2018},
URL = {http://www.mdpi.com/2072-4292/10/1/65},
ISSN = {2072-4292},
DOI = {10.3390/rs10010065}
}

@ARTICLE{2016SSRv..203...39M,
   author = {{Murphy}, J. and {Steakley}, K. and {Balme}, M. and {Deprez}, G. and 
	{Esposito}, F. and {Kahanp{\"a}{\"a}}, H. and {Lemmon}, M. and 
	{Lorenz}, R. and {Murdoch}, N. and {Neakrase}, L. and {Patel}, M. and 
	{Whelley}, P.},
    title = "{Field Measurements of Terrestrial and Martian Dust Devils}",
  journal = {\ssr},
 keywords = {Dust devils},
     year = 2016,
    month = nov,
   volume = 203,
    pages = {39-87},
      doi = {10.1007/s11214-016-0283-y},
   adsurl = {http://adsabs.harvard.edu/abs/2016SSRv..203...39M},
  adsnote = {Provided by the SAO/NASA Astrophysics Data System}
}

@ARTICLE{2018Icar..299..166J,
   author = {{Jackson}, B. and {Lorenz}, R. and {Davis}, K.},
    title = "{A framework for relating the structures and recovery statistics in pressure time-series surveys for dust devils}",
  journal = {Icarus},
archivePrefix = "arXiv",
   eprint = {1708.00484},
 primaryClass = "astro-ph.EP",
 keywords = {Mars, Atmosphere, Mars, Surface, Earth},
     year = 2018,
    month = jan,
   volume = 299,
    pages = {166-174},
      doi = {10.1016/j.icarus.2017.07.027},
   adsurl = {http://adsabs.harvard.edu/abs/2018Icar..299..166J},
  adsnote = {Provided by the SAO/NASA Astrophysics Data System}
}


@ARTICLE{2011Icar..215..381L,
   author = {{Lorenz}, R.},
    title = "{On the statistical distribution of dust devil diameters}",
  journal = {Icarus},
     year = 2011,
    month = sep,
   volume = 215,
    pages = {381-390},
      doi = {10.1016/j.icarus.2011.06.005},
   adsurl = {http://adsabs.harvard.edu/abs/2011Icar..215..381L},
  adsnote = {Provided by the SAO/NASA Astrophysics Data System}
}


@ARTICLE{2004JGRE..109.7001R,
   author = {{Renno}, N.~O. and {Abreu}, V.~J. and {Koch}, J. and {Smith}, P.~H. and 
	{Hartogensis}, O.~K. and {De Bruin}, H.~A.~R. and {Burose}, D. and 
	{Delory}, G.~T. and {Farrell}, W.~M. and {Watts}, C.~J. and 
	{Garatuza}, J. and {Parker}, M. and {Carswell}, A.},
    title = "{MATADOR 2002: A pilot field experiment on convective plumes and dust devils}",
  journal = {Journal of Geophysical Research (Planets)},
 keywords = {Atmospheric Composition and Structure: Planetary atmospheres (5405, 5407, 5409, 5704, 5707, 5705), Atmospheric Composition and Structure: Aerosols and particles (0345, 4801), Electromagnetics: Instrumentation and techniques, Meteorology and Atmospheric Dynamics: Boundary layer processes, Meteorology and Atmospheric Dynamics: Atmospheric electricity},
     year = 2004,
    month = jul,
   volume = 109,
      eid = {E07001},
    pages = {E07001},
      doi = {10.1029/2003JE002219},
   adsurl = {http://adsabs.harvard.edu/abs/2004JGRE..109.7001R},
  adsnote = {Provided by the SAO/NASA Astrophysics Data System}
}


@BOOK{1985wagp.book.....G,
   author = {{Greeley}, R. and {Iversen}, J.~D.},
    title = "{Wind as a geological process on Earth, Mars, Venus and Titan.}",
booktitle = {Wind as a geological process on Earth, Mars, Venus and Titan..~R.~Greeley, J.~D.~Iversen.Cambridge Planetary Science Series, Vol.~4.~Cambridge University Press, Cambridge - London - New York - New Rochelle - Melbourne - Sydney.~12+333 pp.~Price DM 147.50 (1985).~ISBN0-521-24385-8.},
     year = 1985,
   adsurl = {http://adsabs.harvard.edu/abs/1985wagp.book.....G},
  adsnote = {Provided by the SAO/NASA Astrophysics Data System}
}

@ARTICLE{2016SSRv..203..245S,
   author = {{Spiga}, A. and {Barth}, E. and {Gu}, Z. and {Hoffmann}, F. and 
	{Ito}, J. and {Jemmett-Smith}, B. and {Klose}, M. and {Nishizawa}, S. and 
	{Raasch}, S. and {Rafkin}, S. and {Takemi}, T. and {Tyler}, D. and 
	{Wei}, W.},
    title = "{Large-Eddy Simulations of Dust Devils and Convective Vortices}",
  journal = {\ssr},
 keywords = {Dust devils, Large-Eddy Simulations, Convective vortices, Convective boundary layer},
     year = 2016,
    month = nov,
   volume = 203,
    pages = {245-275},
      doi = {10.1007/s11214-016-0284-x},
   adsurl = {http://adsabs.harvard.edu/abs/2016SSRv..203..245S},
  adsnote = {Provided by the SAO/NASA Astrophysics Data System}
}


@ARTICLE{2016SSRv..203..183R,
   author = {{Rafkin}, S. and {Jemmett-Smith}, B. and {Fenton}, L. and {Lorenz}, R. and 
	{Takemi}, T. and {Ito}, J. and {Tyler}, D.},
    title = "{Dust Devil Formation}",
  journal = {\ssr},
 keywords = {Dust devils, Mars atmosphere, Earth atmosphere, Atmospheric dynamics},
     year = 2016,
    month = nov,
   volume = 203,
    pages = {183-207},
      doi = {10.1007/s11214-016-0307-7},
   adsurl = {http://adsabs.harvard.edu/abs/2016SSRv..203..183R},
  adsnote = {Provided by the SAO/NASA Astrophysics Data System}
}

@ARTICLE{2016SSRv..203..277L,
   author = {{Lorenz}, R.~D. and {Jackson}, B.~K.},
    title = "{Dust Devil Populations and Statistics}",
  journal = {\ssr},
 keywords = {Dust devils, Statistics, Power law},
     year = 2016,
    month = nov,
   volume = 203,
    pages = {277-297},
      doi = {10.1007/s11214-016-0277-9},
   adsurl = {http://adsabs.harvard.edu/abs/2016SSRv..203..277L},
  adsnote = {Provided by the SAO/NASA Astrophysics Data System}
}

@ARTICLE{2010Icar..206..306N,
   author = {{Neakrase}, L.~D.~V. and {Greeley}, R.},
    title = "{Dust devil sediment flux on Earth and Mars: Laboratory simulations}",
  journal = {Icarus},
     year = 2010,
    month = mar,
   volume = 206,
    pages = {306-318},
      doi = {10.1016/j.icarus.2009.08.028},
   adsurl = {http://adsabs.harvard.edu/abs/2010Icar..206..306N},
  adsnote = {Provided by the SAO/NASA Astrophysics Data System}
}

@ARTICLE{2006JGRE..11112002C,
   author = {{Cantor}, B.~A. and {Kanak}, K.~M. and {Edgett}, K.~S.},
    title = "{Mars Orbiter Camera observations of Martian dust devils and their tracks (September 1997 to January 2006) and evaluation of theoretical vortex models}",
  journal = {Journal of Geophysical Research (Planets)},
 keywords = {Planetary Sciences: Solar System Objects: Mars, Planetary Sciences: Solid Surface Planets: Atmospheres (0343, 1060), Planetary Sciences: Solid Surface Planets: Meteorology (3346), Atmospheric Processes: Convective processes, Planetary Sciences: Solid Surface Planets: Remote sensing},
     year = 2006,
    month = dec,
   volume = 111,
   number = E10,
      eid = {E12002},
    pages = {E12002},
      doi = {10.1029/2006JE002700},
   adsurl = {http://adsabs.harvard.edu/abs/2006JGRE..11112002C},
  adsnote = {Provided by the SAO/NASA Astrophysics Data System}
}

@ARTICLE{2016SSRv..203...89F,
   author = {{Fenton}, L. and {Reiss}, D. and {Lemmon}, M. and {Marticorena}, B. and 
	{Lewis}, S. and {Cantor}, B.},
    title = "{Orbital Observations of Dust Lofted by Daytime Convective Turbulence}",
  journal = {\ssr},
 keywords = {Atmospheric dust, Dust devil, Mars, Dust storm, Boundary layer},
     year = 2016,
    month = nov,
   volume = 203,
    pages = {89-142},
      doi = {10.1007/s11214-016-0243-6},
   adsurl = {http://adsabs.harvard.edu/abs/2016SSRv..203...89F},
  adsnote = {Provided by the SAO/NASA Astrophysics Data System}
}


@ARTICLE{2016SSRv..203..143R,
   author = {{Reiss}, D. and {Fenton}, L. and {Neakrase}, L. and {Zimmerman}, M. and 
	{Statella}, T. and {Whelley}, P. and {Rossi}, A.~P. and {Balme}, M.
	},
    title = "{Dust Devil Tracks}",
  journal = {\ssr},
 keywords = {Dust devil, Dust devil track, Vertical convective vortices, Mars, Earth, Deflation},
     year = 2016,
    month = nov,
   volume = 203,
    pages = {143-181},
      doi = {10.1007/s11214-016-0308-6},
   adsurl = {http://adsabs.harvard.edu/abs/2016SSRv..203..143R},
  adsnote = {Provided by the SAO/NASA Astrophysics Data System}
}


@ARTICLE{2006JGRE..11112S09G,
   author = {{Greeley}, R. and {Whelley}, P.~L. and {Arvidson}, R.~E. and 
	{Cabrol}, N.~A. and {Foley}, D.~J. and {Franklin}, B.~J. and 
	{Geissler}, P.~G. and {Golombek}, M.~P. and {Kuzmin}, R.~O. and 
	{Landis}, G.~A. and {Lemmon}, M.~T. and {Neakrase}, L.~D.~V. and 
	{Squyres}, S.~W. and {Thompson}, S.~D.},
    title = "{Active dust devils in Gusev crater, Mars: Observations from the Mars Exploration Rover Spirit}",
  journal = {Journal of Geophysical Research (Planets)},
 keywords = {Planetary Sciences: Solid Surface Planets: Erosion and weathering, Planetary Sciences: Solid Surface Planets: Surface materials and properties, Planetary Sciences: Comets and Small Bodies: Surfaces, Planetary Sciences: Solar System Objects: Mars, Planetary Sciences: Solar System Objects: Dust},
     year = 2006,
    month = dec,
   volume = 111,
   number = E10,
      eid = {E12S09},
    pages = {E12S09},
      doi = {10.1029/2006JE002743},
   adsurl = {http://adsabs.harvard.edu/abs/2006JGRE..11112S09G},
  adsnote = {Provided by the SAO/NASA Astrophysics Data System}
}

@INPROCEEDINGS{2017LPI....48.1046R,
   author = {{Raack}, J. and {Reiss}, D. and {Balme}, M.~R. and {Taj-Eddine}, K. and 
	{Ori}, G.~G.},
    title = "{Detailed In Situ Sampling of Two Dust Devils in Morocco}",
booktitle = {Lunar and Planetary Science Conference},
     year = 2017,
   series = {Lunar and Planetary Science Conference},
   volume = 48,
    month = mar,
      eid = {1046},
    pages = {1046},
   adsurl = {http://adsabs.harvard.edu/abs/2017LPI....48.1046R},
  adsnote = {Provided by the SAO/NASA Astrophysics Data System}
}

@ARTICLE{2011Icar..214..766M,
   author = {{Metzger}, S.~M. and {Balme}, M.~R. and {Towner}, M.~C. and 
	{Bos}, B.~J. and {Ringrose}, T.~J. and {Patel}, M.~R.},
    title = "{In situ measurements of particle load and transport in dust devils}",
  journal = {Icarus},
     year = 2011,
    month = aug,
   volume = 214,
    pages = {766-772},
      doi = {10.1016/j.icarus.2011.03.013},
   adsurl = {http://adsabs.harvard.edu/abs/2011Icar..214..766M},
  adsnote = {Provided by the SAO/NASA Astrophysics Data System}
}
@ARTICLE{2007Natur.446..646F,
   author = {{Fenton}, L.~K. and {Geissler}, P.~E. and {Haberle}, R.~M.},
    title = "{Global warming and climate forcing by recent albedo changes on Mars}",
  journal = {\nat},
     year = 2007,
    month = apr,
   volume = 446,
    pages = {646-649},
      doi = {10.1038/nature05718},
   adsurl = {http://adsabs.harvard.edu/abs/2007Natur.446..646F},
  adsnote = {Provided by the SAO/NASA Astrophysics Data System}
}

@ARTICLE{2006GeoRL..3319S04H,
   author = {{Haberle}, R.~M. and {Kahre}, M.~A. and {Murphy}, J.~R. and 
	{Christensen}, P.~R. and {Greeley}, R.},
    title = "{Role of dust devils and orbital precession in closing the Martian dust cycle}",
  journal = {\grl},
 keywords = {Atmospheric Composition and Structure: Planetary atmospheres (5210, 5405, 5704), Atmospheric Processes: Planetary meteorology (5445, 5739), Planetary Sciences: Solar System Objects: Mars},
     year = 2006,
    month = sep,
   volume = 33,
      eid = {L19S04},
    pages = {L19S04},
      doi = {10.1029/2006GL026188},
   adsurl = {http://adsabs.harvard.edu/abs/2006GeoRL..3319S04H},
  adsnote = {Provided by the SAO/NASA Astrophysics Data System}
}


@ARTICLE{2004JGRE..10911006B,
   author = {{Basu}, S. and {Richardson}, M.~I. and {Wilson}, R.~J.},
    title = "{Simulation of the Martian dust cycle with the GFDL Mars GCM}",
  journal = {Journal of Geophysical Research (Planets)},
 keywords = {Planetology: Solar System Objects: Mars, Planetology: Solid Surface Planets: Meteorology (3346), Planetology: Solid Surface Planets: Atmospheres-structure and dynamics, Meteorology and Atmospheric Dynamics: General circulation, Atmospheric Composition and Structure: Aerosols and particles (0345, 4801)},
     year = 2004,
    month = nov,
   volume = 109,
   number = E18,
      eid = {E11006},
    pages = {E11006},
      doi = {10.1029/2004JE002243},
   adsurl = {http://adsabs.harvard.edu/abs/2004JGRE..10911006B},
  adsnote = {Provided by the SAO/NASA Astrophysics Data System}
}

@ARTICLE{2008JGRE..113.7002W,
   author = {{Whelley}, P.~L. and {Greeley}, R.},
    title = "{The distribution of dust devil activity on Mars}",
  journal = {Journal of Geophysical Research (Planets)},
 keywords = {Planetary Sciences: Solar System Objects: Mars, Planetary Sciences: Solid Surface Planets: Instruments and techniques, Planetary Sciences: Solid Surface Planets: Atmospheres (0343, 1060), Planetary Sciences: Solid Surface Planets: Erosion and weathering, Planetary Sciences: Solid Surface Planets: Remote sensing},
     year = 2008,
    month = jul,
   volume = 113,
      eid = {E07002},
    pages = {E07002},
      doi = {10.1029/2007JE002966},
   adsurl = {http://adsabs.harvard.edu/abs/2008JGRE..113.7002W},
  adsnote = {Provided by the SAO/NASA Astrophysics Data System}
}

@ARTICLE{1995JGR...100.5501H,
   author = {{Hourdin}, F. and {Forget}, F. and {Talagrand}, O.},
    title = "{The sensitivity of the Martian surface pressure and atmospheric mass budget to various parameters: A comparison between numerical simulations and Viking observations}",
  journal = {\jgr},
 keywords = {Atmospheric Circulation, Atmospheric Models, Atmospheric Pressure, Comparison, Mars Atmosphere, Mass Flow, Albedo, Annual Variations, Data Reduction, Optical Thickness, Surface Roughness, Thermal Emission, Topography},
     year = 1995,
    month = mar,
   volume = 100,
    pages = {5501-5523},
      doi = {10.1029/94JE03079},
   adsurl = {http://adsabs.harvard.edu/abs/1995JGR...100.5501H},
  adsnote = {Provided by the SAO/NASA Astrophysics Data System}
}


@ARTICLE{2015Icar..257...47N,
   author = {{Newman}, C.~E. and {Richardson}, M.~I.},
    title = "{The impact of surface dust source exhaustion on the martian dust cycle, dust storms and interannual variability, as simulated by the MarsWRF General Circulation Model}",
  journal = {Icarus},
 keywords = {Mars, atmosphere, surface, Atmospheres, dynamics, climate},
     year = 2015,
    month = sep,
   volume = 257,
    pages = {47-87},
      doi = {10.1016/j.icarus.2015.03.030},
   adsurl = {http://adsabs.harvard.edu/abs/2015Icar..257...47N},
  adsnote = {Provided by the SAO/NASA Astrophysics Data System}
}

@ARTICLE{2006JGRE..111.6008K,
   author = {{Kahre}, M.~A. and {Murphy}, J.~R. and {Haberle}, R.~M.},
    title = "{Modeling the Martian dust cycle and surface dust reservoirs with the NASA Ames general circulation model}",
  journal = {Journal of Geophysical Research (Planets)},
 keywords = {Planetary Sciences: Solar System Objects: Mars, Planetary Sciences: Solar System Objects: Dust, Planetary Sciences: Comets and Small Bodies: Atmospheres (1060), Planetary Sciences: Comets and Small Bodies: Surfaces},
     year = 2006,
    month = jun,
   volume = 111,
      eid = {E06008},
    pages = {E06008},
      doi = {10.1029/2005JE002588},
   adsurl = {http://adsabs.harvard.edu/abs/2006JGRE..111.6008K},
  adsnote = {Provided by the SAO/NASA Astrophysics Data System}
}


@ARTICLE{2002Icar..157..259S,
   author = {{Smith}, M.~D. and {Conrath}, B.~J. and {Pearl}, J.~C. and {Christensen}, P.~R.
	},
    title = "{NOTE: Thermal Emission Spectrometer Observations of Martian Planet-Encircling Dust Storm 2001A}",
  journal = Icarus,
     year = 2002,
    month = may,
   volume = 157,
    pages = {259-263},
      doi = {10.1006/icar.2001.6797},
   adsurl = {http://adsabs.harvard.edu/abs/2002Icar..157..259S},
  adsnote = {Provided by the SAO/NASA Astrophysics Data System}
}

@ARTICLE{2007JGRD..11222S21R,
   author = {{Ramanathan}, V. and {Li}, F. and {Ramana}, M.~V. and {Praveen}, P.~S. and 
	{Kim}, D. and {Corrigan}, C.~E. and {Nguyen}, H. and {Stone}, E.~A. and 
	{Schauer}, J.~J. and {Carmichael}, G.~R. and {Adhikary}, B. and 
	{Yoon}, S.~C.},
    title = "{Atmospheric brown clouds: Hemispherical and regional variations in long-range transport, absorption, and radiative forcing}",
  journal = {Journal of Geophysical Research (Atmospheres)},
 keywords = {Atmospheric Composition and Structure: Aerosols and particles (0345, 4801, 4906), Atmospheric Composition and Structure, Atmospheric Composition and Structure: Pollution: urban and regional (0305, 0478, 4251), Atmospheric Processes: Climate change and variability (1616, 1635, 3309, 4215, 4513), Atmospheric Processes: Radiative processes, aerosols, elemental carbon, radiative forcing},
     year = 2007,
    month = nov,
   volume = 112,
   number = D11,
      eid = {D22S21},
    pages = {D22S21},
      doi = {10.1029/2006JD008124},
   adsurl = {http://adsabs.harvard.edu/abs/2007JGRD..11222S21R},
  adsnote = {Provided by the SAO/NASA Astrophysics Data System}
}


@ARTICLE{2004Icar..167..148S,
   author = {{Smith}, M.~D.},
    title = "{Interannual variability in TES atmospheric observations of Mars during 1999-2003}",
  journal = Icarus,
     year = 2004,
    month = jan,
   volume = 167,
    pages = {148-165},
      doi = {10.1016/j.icarus.2003.09.010},
   adsurl = {http://adsabs.harvard.edu/abs/2004Icar..167..148S},
  adsnote = {Provided by the SAO/NASA Astrophysics Data System}
}

@ARTICLE{2016SSRv..203..209K,
   author = {{Kurgansky}, M.~V. and {Lorenz}, R.~D. and {Renno}, N.~O. and 
	{Takemi}, T. and {Gu}, Z. and {Wei}, W.},
    title = "{Dust Devil Steady-State Structure from a Fluid Dynamics Perspective}",
  journal = {\ssr},
 keywords = {Mars, Atmosphere, Dust devils, Vortices},
     year = 2016,
    month = nov,
   volume = 203,
    pages = {209-244},
      doi = {10.1007/s11214-016-0281-0},
   adsurl = {http://adsabs.harvard.edu/abs/2016SSRv..203..209K},
  adsnote = {Provided by the SAO/NASA Astrophysics Data System}
}

@ARTICLE{2005QJRMS.131.1271K,
   author = {{Kanak}, K.~M.},
    title = "{Numerical simulation of dust devil-scale vortices}",
  journal = {Quarterly Journal of the Royal Meteorological Society},
 keywords = {CONVECTIVE BOUNDARY, LAYER LARGE-EDDY SIMULATION},
     year = 2005,
    month = apr,
   volume = 131,
    pages = {1271-1292},
      doi = {10.1256/qj.03.172},
   adsurl = {http://adsabs.harvard.edu/abs/2005QJRMS.131.1271K},
  adsnote = {Provided by the SAO/NASA Astrophysics Data System}
}

@ARTICLE{2006GeoRL..3319S08M,
   author = {{Michaels}, T.~I.},
    title = "{Numerical modeling of Mars dust devils: Albedo track generation}",
  journal = {\grl},
 keywords = {Atmospheric Processes: Boundary layer processes, Planetary Sciences: Solid Surface Planets: Atmospheres (0343, 1060), Planetary Sciences: Solid Surface Planets: Erosion and weathering, Planetary Sciences: Solid Surface Planets: Meteorology (3346), Planetary Sciences: Solar System Objects: Mars},
     year = 2006,
    month = aug,
   volume = 33,
      eid = {L19S08},
    pages = {L19S08},
      doi = {10.1029/2006GL026268},
   adsurl = {http://adsabs.harvard.edu/abs/2006GeoRL..3319S08M},
  adsnote = {Provided by the SAO/NASA Astrophysics Data System}
}

@ARTICLE{2015Icar..260..246F,
   author = {{Fenton}, L.~K. and {Lorenz}, R.},
    title = "{Dust devil height and spacing with relation to the martian planetary boundary layer thickness}",
  journal = Icarus,
 keywords = {Mars, atmosphere, Atmospheres, structure, climate, Meteorology, Terrestrial planets},
     year = 2015,
    month = nov,
   volume = 260,
    pages = {246-262},
      doi = {10.1016/j.icarus.2015.07.028},
   adsurl = {http://adsabs.harvard.edu/abs/2015Icar..260..246F},
  adsnote = {Provided by the SAO/NASA Astrophysics Data System}
}

@INPROCEEDINGS{2014mamo.conf.2204B,
   author = {{Barth}, E.~L. and {Farrell}, W.~M. and {Rafkin}, S.~C.~R.},
    title = "{Electric Fields in Simulated Martian Dust Devils}",
booktitle = {Mars Atmosphere: Modelling and Observation, 5th International Workshop},
     year = 2014,
   editor = {{Forget}, F. and {Millour}, M.},
    month = jan,
      eid = {2204},
    pages = {2204},
   adsurl = {http://adsabs.harvard.edu/abs/2014mamo.conf.2204B},
  adsnote = {Provided by the SAO/NASA Astrophysics Data System}
}

@misc{Gelman95bayesiandata,
    author = {Gelman, Andrew and Robert, Christian and Chopin, Nicolas and Rousseau, Judith},
    citeulike-article-id = {13939981},
    posted-at = {2016-02-25 04:39:22},
    priority = {2},
    title = {Bayesian Data Analysis},
    year = {1995}
}

@article{2015AeoRe..19..183L,
    author = {{Lorenz}, R. D. and {Neakrase}, L. D. and {Anderson}, J. D.},
    citeulike-article-id = {13939979},
    citeulike-linkout-0 = {http://dx.doi.org/10.1016/j.aeolia.2015.01.012},
    doi = {10.1016/j.aeolia.2015.01.012},
    journal = {Aeolian Research},
    keywords = {devils, dust, law, meteorology, power, structure, vortex},
    month = dec,
    pages = {183--194},
    posted-at = {2016-02-25 04:32:34},
    priority = {0},
    title = {{In-situ measurement of dust devil activity at La Jornada Experimental Range, New Mexico, USA}},
    url = {http://dx.doi.org/10.1016/j.aeolia.2015.01.012},
    volume = {19},
    year = {2015}
}

@inbook{Rasmussen2004,
    address = {Berlin, Heidelberg},
    author = {Rasmussen, Carl E.},
    chapter = {Gaussian Processes in Machine Learning},
    editor = {Bousquet, Olivier and Luxburg, Ulrike and R{\"{a}}tsch, Gunnar},
    pages = {63--71},
    posted-at = {2016-02-25 04:29:04},
    priority = {2},
    publisher = {Springer Berlin Heidelberg},
    year = {2004}
}

@article{Jackson_2015,
    author = {Jackson, Brian and Lorenz, Ralph},
    citeulike-article-id = {13939977},
    citeulike-linkout-0 = {http://dx.doi.org/10.1002/2014je004712},
    citeulike-linkout-1 = {http://dx.doi.org/10.1002/2014JE004712},
    doi = {10.1002/2014je004712},
    journal = {J. Geophys. Res. Planets},
    month = mar,
    number = {3},
    pages = {401--412},
    posted-at = {2016-02-25 04:25:49},
    priority = {0},
    publisher = {Wiley-Blackwell},
    title = {{A multiyear dust devil vortex survey using an automated search of pressure time series}},
    url = {http://dx.doi.org/10.1002/2014JE004712},
    volume = {120},
    year = {2015}
}

@phdthesis{1966PhDT........31S,
    author = {{Sinclair}, P. C.},
    citeulike-article-id = {13939976},
    posted-at = {2016-02-25 04:24:54},
    priority = {2},
    school = {THE UNIVERSITY OF ARIZONA.},
    title = {{a Quantitative Analysis of the Dust Devil.}},
    year = {1966}
}

@article{Neakrase_2006,
    author = {Neakrase, Lynn D. V. and Greeley, Ronald and Iversen, James D. and Balme, M. R. and Eddlemon, Eric E.},
    citeulike-article-id = {13939975},
    citeulike-linkout-0 = {http://dx.doi.org/10.1029/2006gl026810},
    citeulike-linkout-1 = {http://dx.doi.org/10.1029/2006GL026810},
    doi = {10.1029/2006gl026810},
    journal = {Geophys. Res. Lett.},
    number = {19},
    posted-at = {2016-02-25 04:23:26},
    priority = {0},
    publisher = {Wiley-Blackwell},
    title = {{Dust flux within dust devils: Preliminary laboratory simulations}},
    url = {http://dx.doi.org/10.1029/2006GL026810},
    volume = {33},
    year = {2006}
}

@article{2013Icar..226..964L,
    author = {{Lorenz}, R.},
    citeulike-article-id = {13939974},
    citeulike-linkout-0 = {http://dx.doi.org/10.1016/j.icarus.2013.06.031},
    doi = {10.1016/j.icarus.2013.06.031},
    journal = Icarus,
    month = sep,
    pages = {964--970},
    posted-at = {2016-02-25 04:22:35},
    priority = {0},
    title = {{The longevity and aspect ratio of dust devils: Effects on detection efficiencies and comparison of landed and orbital imaging at Mars}},
    url = {http://dx.doi.org/10.1016/j.icarus.2013.06.031},
    volume = {226},
    year = {2013}
}

@article{Ellehoj_2010,
    author = {Ellehoj, M. D. and Gunnlaugsson, H. P. and Taylor, P. A. and Kahanp\"{a}\"{a}, H. and Bean, K. M. and Cantor, B. A. and Gheynani, B. T. and Drube, L. and Fisher, D. and Harri, A. M. and Holstein-Rathlou, C. and Lemmon, M. T. and Madsen, M. B. and Malin, M. C. and Polkko, J. and Smith, P. H. and Tamppari, L. K. and Weng, W. and Whiteway, J.},
    citeulike-article-id = {13939972},
    citeulike-linkout-0 = {http://dx.doi.org/10.1029/2009je003413},
    doi = {10.1029/2009je003413},
    journal = {J. Geophys. Res.},
    posted-at = {2016-02-25 04:18:14},
    priority = {0},
    publisher = {Wiley-Blackwell},
    title = {{Convective vortices and dust devils at the Phoenix Mars mission landing site}},
    url = {http://dx.doi.org/10.1029/2009je003413},
    volume = {115},
    year = {2010}
}

@article{2000JGR...105.1859R,
    author = {{Renn{\'{o}}}, N. O. and {Nash}, A. A. and {Lunine}, J. and {Murphy}, J.},
    citeulike-article-id = {13939971},
    citeulike-linkout-0 = {http://dx.doi.org/10.1029/1999JE001037},
    doi = {10.1029/1999JE001037},
    journal = {\\jgr},
    keywords = {and, atmospheric, boundary, convective, dynamics, layer, meteorology, modeling, planetary, processes, theoretical},
    month = jan,
    pages = {1859--1866},
    posted-at = {2016-02-25 04:17:03},
    priority = {2},
    title = {{Martian and terrestrial dust devils: Test of a scaling theory using Pathfinder data}},
    url = {http://dx.doi.org/10.1029/1999JE001037},
    volume = {105},
    year = {2000}
}

@article{1998JAtS...55.3244R,
    author = {{Renn{\'{o}}}, N. O. and {Burkett}, M. L. and {Larkin}, M. P.},
    journal = {Journal of Atmospheric Sciences},
    month = nov,
    pages = {3244--3252},
    posted-at = {2016-02-25 04:14:30},
    priority = {0},
    title = {{A Simple Thermodynamical Theory for Dust Devils.}},
    volume = {55},
    year = {1998}
}

@article{1970JGR....75..531R,
    author = {{Ryan}, J. A. and {Carroll}, J. J.},
    citeulike-article-id = {13939967},
    citeulike-linkout-0 = {http://dx.doi.org/10.1029/JC075i003p00531},
    doi = {10.1029/JC075i003p00531},
    journal = {\\jgr},
    keywords = {and, convection, diffusion, meteorology, turbulence},
    month = jan,
    pages = {531--541},
    posted-at = {2016-02-25 04:13:15},
    priority = {0},
    title = {{Dust devil wind velocities: Mature state}},
    url = {http://dx.doi.org/10.1029/JC075i003p00531},
    volume = {75},
    year = {1970}
}

@article{Lorenz_Reiss_2014,
    author = {{Lorenz}, R. and {Reiss}, D.},
    citeulike-article-id = {13939966},
    journal = Icarus,
    month = feb,
    number = {0},
    pages = {162--164},
    posted-at = {2016-02-25 04:10:43},
    priority = {2},
    title = {{ Solar Panel Clearing Events, Dust Devil Tracks, and in-situ Vortex Detections on Mars, Icarus, 248,162â€“164}},
    volume = {248},
    year = {2014}
}


@article{1985Sci...230..175T,
    author = {{Thomas}, P. and {Gierasch}, P. J.},
    citeulike-article-id = {13939960},
    citeulike-linkout-0 = {http://dx.doi.org/10.1126/science.230.4722.175},
    doi = {10.1126/science.230.4722.175},
    journal = {Science},
    keywords = {altitude, analysis, atmosphere, clouds, convection, dust, height, imagery, mars, meteorology, missions, observations, orbiter, orbiters, photographs, remote, sensing, spacecraft, storms, surface, transport, viking, weather, wind},
    month = oct,
    pages = {175--177},
    posted-at = {2016-02-25 04:02:28},
    priority = {2},
    title = {{Dust devils on Mars}},
    url = {http://dx.doi.org/10.1126/science.230.4722.175},
    volume = {230},
    year = {1985}
}

@article{Lorenz_2005,
    author = {{Lorenz}, R. and {Myers}, M.},
    citeulike-article-id = {13939958},
    journal = {J. Meteor.},
    month = feb,
    number = {298},
    pages = {178--184},
    posted-at = {2016-02-25 03:50:39},
    priority = {0},
    title = {{Dust Devil Hazard to Aviation: A Review of United States Air Accident Reports}},
    volume = {30},
    year = {2005}
}

@article{2006RvGeo..44.3003B,
    author = {{Balme}, M. and {Greeley}, R.},
    citeulike-article-id = {13939950},
    citeulike-linkout-0 = {http://dx.doi.org/10.1029/2005RG000188},
    doi = {10.1029/2005RG000188},
    eid = {RG3003},
    journal = {Reviews of Geophysics},
    keywords = {1218, 1631, 1843, 3346, 5445, 5739, atmospheric, boundary, interactions, land-atmosphere, layer, mars, meteorology, objects, planetary, planets, processes, sciences, solar, solid, surface, system},
    month = sep,
    posted-at = {2016-02-25 03:42:10},
    priority = {0},
    title = {{Dust devils on Earth and Mars}},
    url = {http://dx.doi.org/10.1029/2005RG000188},
    volume = {44},
    year = {2006}
}

@article{1990AtmEn..24.1135G,
    author = {{Gillette}, D. A. and {Sinclair}, P. C.},
    citeulike-article-id = {13939948},
    citeulike-linkout-0 = {http://dx.doi.org/10.1016/0960-1686(90)90078-2},
    doi = {10.1016/0960-1686(90)90078-2},
    journal = {Atmospheric Environment},
    pages = {1135--1142},
    posted-at = {2016-02-25 03:40:53},
    priority = {2},
    title = {{Estimation of suspension of alkaline material by dust devils in the United States}},
    url = {http://dx.doi.org/10.1016/0960-1686(90)90078-2},
    volume = {24},
    year = {1990}
}

@article{2012Icar..221..632B,
    author = {{Balme}, M. R. and {Pathare}, A. and {Metzger}, S. M. and {Towner}, M. C. and {Lewis}, S. R. and {Spiga}, A. and {Fenton}, L. K. and {Renno}, N. O. and {Elliott}, H. M. and {Saca}, F. A. and {Michaels}, T. I. and {Russell}, P. and {Verdasca}, J.},
    citeulike-article-id = {13937803},
    citeulike-linkout-0 = {http://dx.doi.org/10.1016/j.icarus.2012.08.021},
    doi = {10.1016/j.icarus.2012.08.021},
    journal = {\Icarus},
    month = nov,
    pages = {632--645},
    posted-at = {2016-02-21 16:59:24},
    priority = {0},
    title = {{Field measurements of horizontal forward motion velocities of terrestrial dust devils: Towards a proxy for ambient winds on Mars and Earth}},
    url = {http://dx.doi.org/10.1016/j.icarus.2012.08.021},
    volume = {221},
    year = {2012}
}

@article{2014BoLMe.153..555L,
    author = {{Lorenz}, R. D. and {Lanagan}, P. D.},
    citeulike-article-id = {13934242},
    citeulike-linkout-0 = {http://dx.doi.org/10.1007/s10546-014-9954-y},
    doi = {10.1007/s10546-014-9954-y},
    journal = {Boundary-Layer Meteorology},
    keywords = {cellular, convection, devils, dust, pressure, sensing, vortices},
    month = dec,
    pages = {555--568},
    posted-at = {2016-02-17 04:53:03},
    priority = {2},
    title = {{A Barometric Survey of Dust-Devil Vortices on a Desert Playa}},
    url = {http://dx.doi.org/10.1007/s10546-014-9954-y},
    volume = {153},
    year = {2014}
}
@ARTICLE{1995JGR...100.5501H,
   author = {{Hourdin}, F. and {Forget}, F. and {Talagrand}, O.},
    title = "{The sensitivity of the Martian surface pressure and atmospheric mass budget to various parameters: A comparison between numerical simulations and Viking observations}",
  journal = {\jgr},
 keywords = {Atmospheric Circulation, Atmospheric Models, Atmospheric Pressure, Comparison, Mars Atmosphere, Mass Flow, Albedo, Annual Variations, Data Reduction, Optical Thickness, Surface Roughness, Thermal Emission, Topography},
     year = 1995,
    month = mar,
   volume = 100,
    pages = {5501-5523},
      doi = {10.1029/94JE03079},
   adsurl = {http://adsabs.harvard.edu/abs/1995JGR...100.5501H},
  adsnote = {Provided by the SAO/NASA Astrophysics Data System}
}
@ARTICLE{2006JGRE..111.6008K,
   author = {{Kahre}, M.~A. and {Murphy}, J.~R. and {Haberle}, R.~M.},
    title = "{Modeling the Martian dust cycle and surface dust reservoirs with the NASA Ames general circulation model}",
  journal = {Journal of Geophysical Research (Planets)},
 keywords = {Planetary Sciences: Solar System Objects: Mars, Planetary Sciences: Solar System Objects: Dust, Planetary Sciences: Comets and Small Bodies: Atmospheres (1060), Planetary Sciences: Comets and Small Bodies: Surfaces},
     year = 2006,
    month = jun,
   volume = 111,
      eid = {E06008},
    pages = {E06008},
      doi = {10.1029/2005JE002588},
   adsurl = {http://adsabs.harvard.edu/abs/2006JGRE..111.6008K},
  adsnote = {Provided by the SAO/NASA Astrophysics Data System}
}
@ARTICLE{2004JGRE..10911006B,
   author = {{Basu}, S. and {Richardson}, M.~I. and {Wilson}, R.~J.},
    title = "{Simulation of the Martian dust cycle with the GFDL Mars GCM}",
  journal = {Journal of Geophysical Research (Planets)},
 keywords = {Planetology: Solar System Objects: Mars, Planetology: Solid Surface Planets: Meteorology (3346), Planetology: Solid Surface Planets: Atmospheres-structure and dynamics, Meteorology and Atmospheric Dynamics: General circulation, Atmospheric Composition and Structure: Aerosols and particles (0345, 4801)},
     year = 2004,
    month = nov,
   volume = 109,
   number = E18,
      eid = {E11006},
    pages = {E11006},
      doi = {10.1029/2004JE002243},
   adsurl = {http://adsabs.harvard.edu/abs/2004JGRE..10911006B},
  adsnote = {Provided by the SAO/NASA Astrophysics Data System}
}
@ARTICLE{2002Icar..157..259S,
   author = {{Smith}, M.~D. and {Conrath}, B.~J. and {Pearl}, J.~C. and {Christensen}, P.~R.
	},
    title = "{NOTE: Thermal Emission Spectrometer Observations of Martian Planet-Encircling Dust Storm 2001A}",
  journal = Icarus,
     year = 2002,
    month = may,
   volume = 157,
    pages = {259-263},
      doi = {10.1006/icar.2001.6797},
   adsurl = {http://adsabs.harvard.edu/abs/2002Icar..157..259S},
  adsnote = {Provided by the SAO/NASA Astrophysics Data System}
}
@ARTICLE{2002Icar..157..259S,
   author = {{Smith}, M.~D. and {Conrath}, B.~J. and {Pearl}, J.~C. and {Christensen}, P.~R.
	},
    title = "{NOTE: Thermal Emission Spectrometer Observations of Martian Planet-Encircling Dust Storm 2001A}",
  journal = Icarus,
     year = 2002,
    month = may,
   volume = 157,
    pages = {259-263},
      doi = {10.1006/icar.2001.6797},
   adsurl = {http://adsabs.harvard.edu/abs/2002Icar..157..259S},
  adsnote = {Provided by the SAO/NASA Astrophysics Data System}
}
@ARTICLE{2007JGRD..11222S21R,
   author = {{Ramanathan}, V. and {Li}, F. and {Ramana}, M.~V. and {Praveen}, P.~S. and 
	{Kim}, D. and {Corrigan}, C.~E. and {Nguyen}, H. and {Stone}, E.~A. and 
	{Schauer}, J.~J. and {Carmichael}, G.~R. and {Adhikary}, B. and 
	{Yoon}, S.~C.},
    title = "{Atmospheric brown clouds: Hemispherical and regional variations in long-range transport, absorption, and radiative forcing}",
  journal = {Journal of Geophysical Research (Atmospheres)},
 keywords = {Atmospheric Composition and Structure: Aerosols and particles (0345, 4801, 4906), Atmospheric Composition and Structure, Atmospheric Composition and Structure: Pollution: urban and regional (0305, 0478, 4251), Atmospheric Processes: Climate change and variability (1616, 1635, 3309, 4215, 4513), Atmospheric Processes: Radiative processes, aerosols, elemental carbon, radiative forcing},
     year = 2007,
    month = nov,
   volume = 112,
   number = D11,
      eid = {D22S21},
    pages = {D22S21},
      doi = {10.1029/2006JD008124},
   adsurl = {http://adsabs.harvard.edu/abs/2007JGRD..11222S21R},
  adsnote = {Provided by the SAO/NASA Astrophysics Data System}
}
@ARTICLE{2004Icar..167..148S,
   author = {{Smith}, M.~D.},
    title = "{Interannual variability in TES atmospheric observations of Mars during 1999-2003}",
  journal = Icarus,
     year = 2004,
    month = jan,
   volume = 167,
    pages = {148-165},
      doi = {10.1016/j.icarus.2003.09.010},
   adsurl = {http://adsabs.harvard.edu/abs/2004Icar..167..148S},
  adsnote = {Provided by the SAO/NASA Astrophysics Data System}
}
@ARTICLE{2015JGRE..120..401J,
       author = {{Jackson}, Brian and {Lorenz}, Ralph},
        title = "{A multiyear dust devil vortex survey using an automated search of pressure time series}",
      journal = {Journal of Geophysical Research (Planets)},
         year = "2015",
        month = "Mar",
       volume = {120},
       number = {3},
        pages = {401-412},
          doi = {10.1002/2014JE004712},
       adsurl = {https://ui.adsabs.harvard.edu/abs/2015JGRE..120..401J},
      adsnote = {Provided by the SAO/NASA Astrophysics Data System}
}

@Book{ arya1988,
author = { Arya, S. P. S. },
title = { Introduction to micrometeorology},
isbn = { 0120644908 },
publisher = { Academic Press San Diego },
pages = { xxi, 307 p. : },
year = { 1988 },
type = { Book },
language = { English },
subjects = { Micrometeorology. },
life-dates = { 1988 -  },
catalogue-url = { https://nla.gov.au/nla.cat-vn2177648 },
}

@Misc{scipy,
  author =    {Eric Jones and Travis Oliphant and Pearu Peterson and others},
  title =     {{SciPy}: Open source scientific tools for {Python}},
  year =      {2001},
  url = "http://www.scipy.org/",
  note = {[Online; accessed <today>]}
}

@INPROCEEDINGS{odrref,
       author = {{Boggs}, P.~T. and {Rogers}, J.~E.},
        title = "{Orthogonal Distance Regression}",
    booktitle = {Statistical analysis of measurement error models and applications: proceedings of the AMS-IMS-SIAM},
         year = "1990"
}

@ARTICLE{2001JAtS...58..927R,
       author = {{Renn{\'o}}, Nilton O. and {Bluestein}, Howard B.},
        title = "{A Simple Theory for Waterspouts.}",
      journal = {Journal of Atmospheric Sciences},
         year = "2001",
        month = "Apr",
       volume = {58},
       number = {8},
        pages = {927-932},
          doi = {10.1175/1520-0469(2001)058<0927:ASTFW>2.0.CO;2},
       adsurl = {https://ui.adsabs.harvard.edu/abs/2001JAtS...58..927R},
      adsnote = {Provided by the SAO/NASA Astrophysics Data System}
}

@ARTICLE{2016SSRv..203...39M,
       author = {{Murphy}, Jim and {Steakley}, Kathryn and {Balme}, Matt and
         {Deprez}, Gregoire and {Esposito}, Francesca and
         {Kahanp{\"a}{\"a}}, Henrik and {Lemmon}, Mark and {Lorenz}, Ralph and
         {Murdoch}, Naomi and {Neakrase}, Lynn and {Patel}, Manish and
         {Whelley}, Patrick},
        title = "{Field Measurements of Terrestrial and Martian Dust Devils}",
      journal = {Space Science Reviews},
     keywords = {Dust devils},
         year = "2016",
        month = "Nov",
       volume = {203},
       number = {1-4},
        pages = {39-87},
          doi = {10.1007/s11214-016-0283-y},
       adsurl = {https://ui.adsabs.harvard.edu/abs/2016SSRv..203...39M},
      adsnote = {Provided by the SAO/NASA Astrophysics Data System}
}

@ARTICLE{2016SSRv..203..209K,
       author = {{Kurgansky}, Michael V. and {Lorenz}, Ralph D. and {Renno}, Nilton O. and
         {Takemi}, Tetsuya and {Gu}, Zhaolin and {Wei}, Wei},
        title = "{Dust Devil Steady-State Structure from a Fluid Dynamics Perspective}",
      journal = {Space Science Reviews},
     keywords = {Mars, Atmosphere, Dust devils, Vortices},
         year = "2016",
        month = "Nov",
       volume = {203},
       number = {1-4},
        pages = {209-244},
          doi = {10.1007/s11214-016-0281-0},
       adsurl = {https://ui.adsabs.harvard.edu/abs/2016SSRv..203..209K},
      adsnote = {Provided by the SAO/NASA Astrophysics Data System}
}

@ARTICLE{2006JGRE..11112002C,
       author = {{Cantor}, Bruce A. and {Kanak}, Katharine M. and {Edgett}, Kenneth S.},
        title = "{Mars Orbiter Camera observations of Martian dust devils and their tracks (September 1997 to January 2006) and evaluation of theoretical vortex models}",
      journal = {Journal of Geophysical Research (Planets)},
     keywords = {Planetary Sciences: Solar System Objects: Mars, Planetary Sciences: Solid Surface Planets: Atmospheres (0343, 1060), Planetary Sciences: Solid Surface Planets: Meteorology (3346), Atmospheric Processes: Convective processes, Planetary Sciences: Solid Surface Planets: Remote sensing},
         year = "2006",
        month = "Dec",
       volume = {111},
       number = {E12},
          eid = {E12002},
        pages = {E12002},
          doi = {10.1029/2006JE002700},
       adsurl = {https://ui.adsabs.harvard.edu/abs/2006JGRE..11112002C},
      adsnote = {Provided by the SAO/NASA Astrophysics Data System}
}

@ARTICLE{2008Icar..197...39S,
       author = {{Stanzel}, Christina and {P{\"a}tzold}, Martin and {Williams}, David A. and
         {Whelley}, Patrick L. and {Greeley}, Ronald and {Neukum}, Gerhard and
         {the HRSC Co-Investigator Team}},
        title = "{Dust devil speeds, directions of motion and general characteristics observed by the Mars Express High Resolution Stereo Camera}",
      journal = {\icarus},
         year = "2008",
        month = "Sep",
       volume = {197},
       number = {1},
        pages = {39-51},
          doi = {10.1016/j.icarus.2008.04.017},
       adsurl = {https://ui.adsabs.harvard.edu/abs/2008Icar..197...39S},
      adsnote = {Provided by the SAO/NASA Astrophysics Data System}
}

@ARTICLE{2000JGR...105.1859R,
       author = {{Renn{\'o}}, Nilton O. and {Nash}, Amelia Ann and {Lunine}, Jonathan and
         {Murphy}, James},
        title = "{Martian and terrestrial dust devils: Test of a scaling theory using Pathfinder data}",
      journal = {\jgr},
     keywords = {Meteorology and Atmospheric Dynamics: Boundary layer processes, Meteorology and Atmospheric Dynamics: Convective processes, Meteorology and Atmospheric Dynamics: Planetary meteorology, Meteorology and Atmospheric Dynamics: Theoretical modeling},
         year = "2000",
        month = "Jan",
       volume = {105},
       number = {E1},
        pages = {1859-1866},
          doi = {10.1029/1999JE001037},
       adsurl = {https://ui.adsabs.harvard.edu/abs/2000JGR...105.1859R},
      adsnote = {Provided by the SAO/NASA Astrophysics Data System}
}

@ARTICLE{1998JAtS...55.3244R,
       author = {{Renn{\'o}}, Nilton O. and {Burkett}, Matthew L. and
         {Larkin}, Matthew P.},
        title = "{A Simple Thermodynamical Theory for Dust Devils.}",
      journal = {Journal of Atmospheric Sciences},
         year = "1998",
        month = "Nov",
       volume = {55},
       number = {21},
        pages = {3244-3252},
          doi = {10.1175/1520-0469(1998)055<3244:ASTTFD>2.0.CO;2},
       adsurl = {https://ui.adsabs.harvard.edu/abs/1998JAtS...55.3244R},
      adsnote = {Provided by the SAO/NASA Astrophysics Data System}
}

@ARTICLE{2015Icar..260..246F,
       author = {{Fenton}, Lori K. and {Lorenz}, Ralph},
        title = "{Dust devil height and spacing with relation to the martian planetary boundary layer thickness}",
      journal = {\icarus},
     keywords = {Mars, atmosphere, Atmospheres, structure, climate, Meteorology, Terrestrial planets},
         year = "2015",
        month = "Nov",
       volume = {260},
        pages = {246-262},
          doi = {10.1016/j.icarus.2015.07.028},
       adsurl = {https://ui.adsabs.harvard.edu/abs/2015Icar..260..246F},
      adsnote = {Provided by the SAO/NASA Astrophysics Data System}
}

