@Misc{scipy,
  author =    {Eric Jones and Travis Oliphant and Pearu Peterson and others},
  title =     {{SciPy}: Open source scientific tools for {Python}},
  year =      {2001--},
  url = "http://www.scipy.org/",
  note = {[Online; accessed <today>]}
}

@INPROCEEDINGS{odrref,
       author = {{Boggs}, P.~T. and {Rogers}, J.~E.},
        title = "{Orthogonal Distance Regression}",
    booktitle = {Statistical analysis of measurement error models and applications: proceedings of the AMS-IMS-SIAM},
         year = "1990"
}


@ARTICLE{2001JAtS...58..927R,
       author = {{Renn{\'o}}, Nilton O. and {Bluestein}, Howard B.},
        title = "{A Simple Theory for Waterspouts.}",
      journal = {Journal of Atmospheric Sciences},
         year = "2001",
        month = "Apr",
       volume = {58},
       number = {8},
        pages = {927-932},
          doi = {10.1175/1520-0469(2001)058<0927:ASTFW>2.0.CO;2},
       adsurl = {https://ui.adsabs.harvard.edu/abs/2001JAtS...58..927R},
      adsnote = {Provided by the SAO/NASA Astrophysics Data System}
}


@ARTICLE{2016SSRv..203...39M,
       author = {{Murphy}, Jim and {Steakley}, Kathryn and {Balme}, Matt and
         {Deprez}, Gregoire and {Esposito}, Francesca and
         {Kahanp{\"a}{\"a}}, Henrik and {Lemmon}, Mark and {Lorenz}, Ralph and
         {Murdoch}, Naomi and {Neakrase}, Lynn and {Patel}, Manish and
         {Whelley}, Patrick},
        title = "{Field Measurements of Terrestrial and Martian Dust Devils}",
      journal = {Space Science Reviews},
     keywords = {Dust devils},
         year = "2016",
        month = "Nov",
       volume = {203},
       number = {1-4},
        pages = {39-87},
          doi = {10.1007/s11214-016-0283-y},
       adsurl = {https://ui.adsabs.harvard.edu/abs/2016SSRv..203...39M},
      adsnote = {Provided by the SAO/NASA Astrophysics Data System}
}


@ARTICLE{2016SSRv..203..209K,
       author = {{Kurgansky}, Michael V. and {Lorenz}, Ralph D. and {Renno}, Nilton O. and
         {Takemi}, Tetsuya and {Gu}, Zhaolin and {Wei}, Wei},
        title = "{Dust Devil Steady-State Structure from a Fluid Dynamics Perspective}",
      journal = {Space Science Reviews},
     keywords = {Mars, Atmosphere, Dust devils, Vortices},
         year = "2016",
        month = "Nov",
       volume = {203},
       number = {1-4},
        pages = {209-244},
          doi = {10.1007/s11214-016-0281-0},
       adsurl = {https://ui.adsabs.harvard.edu/abs/2016SSRv..203..209K},
      adsnote = {Provided by the SAO/NASA Astrophysics Data System}
}


@ARTICLE{2006JGRE..11112002C,
       author = {{Cantor}, Bruce A. and {Kanak}, Katharine M. and {Edgett}, Kenneth S.},
        title = "{Mars Orbiter Camera observations of Martian dust devils and their tracks (September 1997 to January 2006) and evaluation of theoretical vortex models}",
      journal = {Journal of Geophysical Research (Planets)},
     keywords = {Planetary Sciences: Solar System Objects: Mars, Planetary Sciences: Solid Surface Planets: Atmospheres (0343, 1060), Planetary Sciences: Solid Surface Planets: Meteorology (3346), Atmospheric Processes: Convective processes, Planetary Sciences: Solid Surface Planets: Remote sensing},
         year = "2006",
        month = "Dec",
       volume = {111},
       number = {E12},
          eid = {E12002},
        pages = {E12002},
          doi = {10.1029/2006JE002700},
       adsurl = {https://ui.adsabs.harvard.edu/abs/2006JGRE..11112002C},
      adsnote = {Provided by the SAO/NASA Astrophysics Data System}
}


@ARTICLE{2008Icar..197...39S,
       author = {{Stanzel}, Christina and {P{\"a}tzold}, Martin and {Williams}, David A. and
         {Whelley}, Patrick L. and {Greeley}, Ronald and {Neukum}, Gerhard and
         {the HRSC Co-Investigator Team}},
        title = "{Dust devil speeds, directions of motion and general characteristics observed by the Mars Express High Resolution Stereo Camera}",
      journal = {\icarus},
         year = "2008",
        month = "Sep",
       volume = {197},
       number = {1},
        pages = {39-51},
          doi = {10.1016/j.icarus.2008.04.017},
       adsurl = {https://ui.adsabs.harvard.edu/abs/2008Icar..197...39S},
      adsnote = {Provided by the SAO/NASA Astrophysics Data System}
}


@ARTICLE{2000JGR...105.1859R,
       author = {{Renn{\'o}}, Nilton O. and {Nash}, Amelia Ann and {Lunine}, Jonathan and
         {Murphy}, James},
        title = "{Martian and terrestrial dust devils: Test of a scaling theory using Pathfinder data}",
      journal = {\jgr},
     keywords = {Meteorology and Atmospheric Dynamics: Boundary layer processes, Meteorology and Atmospheric Dynamics: Convective processes, Meteorology and Atmospheric Dynamics: Planetary meteorology, Meteorology and Atmospheric Dynamics: Theoretical modeling},
         year = "2000",
        month = "Jan",
       volume = {105},
       number = {E1},
        pages = {1859-1866},
          doi = {10.1029/1999JE001037},
       adsurl = {https://ui.adsabs.harvard.edu/abs/2000JGR...105.1859R},
      adsnote = {Provided by the SAO/NASA Astrophysics Data System}
}


@ARTICLE{1998JAtS...55.3244R,
       author = {{Renn{\'o}}, Nilton O. and {Burkett}, Matthew L. and
         {Larkin}, Matthew P.},
        title = "{A Simple Thermodynamical Theory for Dust Devils.}",
      journal = {Journal of Atmospheric Sciences},
         year = "1998",
        month = "Nov",
       volume = {55},
       number = {21},
        pages = {3244-3252},
          doi = {10.1175/1520-0469(1998)055<3244:ASTTFD>2.0.CO;2},
       adsurl = {https://ui.adsabs.harvard.edu/abs/1998JAtS...55.3244R},
      adsnote = {Provided by the SAO/NASA Astrophysics Data System}
}

@ARTICLE{2015Icar..260..246F,
       author = {{Fenton}, Lori K. and {Lorenz}, Ralph},
        title = "{Dust devil height and spacing with relation to the martian planetary boundary layer thickness}",
      journal = {\icarus},
     keywords = {Mars, atmosphere, Atmospheres, structure, climate, Meteorology, Terrestrial planets},
         year = "2015",
        month = "Nov",
       volume = {260},
        pages = {246-262},
          doi = {10.1016/j.icarus.2015.07.028},
       adsurl = {https://ui.adsabs.harvard.edu/abs/2015Icar..260..246F},
      adsnote = {Provided by the SAO/NASA Astrophysics Data System}
}

